@book{Mitchell97,
  abstract = {This book covers the field of machine learning, which is the study of algorithms that allow computer programs to automatically improve through experience. This exciting addition to the McGraw-Hill Series in Computer Science focuses on the concepts and techniques that contribute to the rapidly changing field of machine learning---including probability and statistics, artificial intelligence, and neural networks---unifying them all in a logical and coherent manner.},
  added-at = {2017-05-08T14:37:30.000+0200},
  address = {New York},
  author = {Mitchell, Tom M.},
  biburl = {https://www.bibsonomy.org/bibtex/23e79734ee1a6e49aee02ffd108224d1c/flint63},
  file = {eBook:1900-99/Mitchell97.pdf:PDF;McGraw-Hill Product page:http\://www.mhprofessional.com/product.php?isbn=0070428077:URL;Amazon Search inside:http\://www.amazon.de/gp/reader/0070428077/:URL},
  groups = {public},
  interhash = {479a66c32badb3a455fbdcf8e6633a5d},
  intrahash = {3e79734ee1a6e49aee02ffd108224d1c},
  isbn = {978-0-07-042807-2},
  keywords = {01624 105 book shelf ai learn algorithm},
  publisher = {McGraw-Hill},
  timestamp = {2017-07-13T17:10:10.000+0200},
  title = {Machine Learning},
  username = {flint63},
  year = 1997
}


@book{russel2010,
  added-at = {2020-02-01T18:23:11.000+0100},
  author = {Russell, Stuart and Norvig, Peter},
  biburl = {https://www.bibsonomy.org/bibtex/20533b732950d1c5ab4ac12d4f32fe637/mialhoma},
  edition = 3,
  interhash = {53908a52dd4c6c8e39f93f4ffc8341be},
  intrahash = {0533b732950d1c5ab4ac12d4f32fe637},
  keywords = {ties4530},
  publisher = {Prentice Hall},
  timestamp = {2020-02-01T18:23:11.000+0100},
  title = {Artificial Intelligence: A Modern Approach},
  year = 2010
}




